<?xml version="1.0" encoding="UTF-8"?><collection><record><leader>03507ntm a2200457 a 4500</leader><controlfield tag="001">002641714</controlfield><controlfield tag="003">MiAaHDL</controlfield><controlfield tag="005">20190719000000.0</controlfield><controlfield tag="006">m        d        </controlfield><controlfield tag="007">cr bn ---auaua</controlfield><controlfield tag="008">930712s1675    xx            00||  ara d</controlfield><datafield tag="035" ind1=" " ind2=" "><subfield code="a">(MiU)002641714</subfield></datafield><datafield tag="035" ind1=" " ind2=" "><subfield code="a">sdr-miu002641714</subfield></datafield><datafield tag="035" ind1=" " ind2=" "><subfield code="a">(OCoLC)34366693</subfield></datafield><datafield tag="035" ind1=" " ind2=" "><subfield code="a">(RLIN)MIUH93-A184</subfield></datafield><datafield tag="040" ind1=" " ind2=" "><subfield code="a">MiU</subfield><subfield code="c">MiU</subfield><subfield code="e">appm</subfield></datafield><datafield tag="100" ind1="1" ind2=" "><subfield code="6">880-01</subfield><subfield code="a">Ibn Nujaym, Zayn al-Dīn ibn Ibrāhīm,</subfield><subfield code="d">-1563.</subfield></datafield><datafield tag="240" ind1="1" ind2="0"><subfield code="6">880-02</subfield><subfield code="a">Ashbāh wa-al-naẓāʾir</subfield></datafield><datafield tag="245" ind1="1" ind2="0"><subfield code="6">880-03</subfield><subfield code="a">Kitāb al-ashbāh wa-al-naẓāʾir :</subfield><subfield code="k">manuscript,</subfield><subfield code="f">[1675] /</subfield><subfield code="c">taʾlīf afḍal al-mutaʾakhkhirīn wa-muḍīy al-muslimīn al-shaykh Zayn ibn Nujaym al-Ḥanafī.</subfield></datafield><datafield tag="300" ind1=" " ind2=" "><subfield code="a">1</subfield><subfield code="f">v. ([454] p.) ;</subfield><subfield code="c">19 cm.</subfield></datafield><datafield tag="500" ind1=" " ind2=" "><subfield code="a">vol. has edge titles.</subfield></datafield><datafield tag="500" ind1=" " ind2=" "><subfield code="a">Text rubricated in red, blue, and gold; phrase endings marked with gold dots; text enclosed by thin borders in gold and black; on pp. [1-2], polychrome rosettes for title page and invocation against Kabīkaj (bookworm demon); on pp. [3-12], table of contents supplied, with gold rules and chapter headings in black, red, blue, and green; three gold dots on p. [13]; on p. [15], illuminated ʻunwān; marginal finding aids and corrections in hand of copyist; foliation begins on p. [24] in hand of copyist;</subfield></datafield><datafield tag="500" ind1=" " ind2=" "><subfield code="a">fī shuhūr sanat sitt wa-thamānīn wa-alf ... ʻalá yad ... ʻAbd Allāh ibn Ibrāhīm al-Anābawī al-qāḍī bi-Istafah sābiqan.</subfield></datafield><datafield tag="500" ind1=" " ind2=" "><subfield code="a">Date of composition and copying and copyist's name in colophon: wa-kāna al-farāgh fī taʾlīfihi fī al-sābiʻ wa-al-ʻishrīn fī Jumāzī al-akhirah sanat tisaʻ wa-sittīn wa-tusʻumiʾah wa-kānat muddat taʾlīfihi sittat ashhur maʻ takhallul ayyām tawaʻʻuk al-jasad wa-al-ḥamd lil-lāh ʻalá al-tamām ... wa-katabahu muʾallifuhu bi-yadihi al-fāniyah Zayn ibn Nujaym al-Ḥanafī ... wa-wāfaqa al-farāgh min kitābatihā fī yawm al-Jumʻah al-mubārak ithnay wa-al-ʻishrīn min shahr Rajab al-murajjib</subfield></datafield><datafield tag="510" ind1="4" ind2=" "><subfield code="a">GAL,</subfield><subfield code="c">v. II, p. 401; GAL, Suppl. II, p. 425; EI2, v. iii, pp. 163b and 901a</subfield></datafield><datafield tag="520" ind1="8" ind2=" "><subfield code="a">Treatise on the structure of positive law.</subfield></datafield><datafield tag="520" ind1=" " ind2=" "><subfield code="a">"Treatise on Ḥanafī law." Cataloging by Elinor M. Husselman, 1945.</subfield></datafield><datafield tag="538" ind1=" " ind2=" "><subfield code="a">Mode of access: Internet.</subfield></datafield><datafield tag="541" ind1=" " ind2=" "><subfield code="d">1940</subfield><subfield code="3">Manuscript</subfield><subfield code="a">Tracy McGregor</subfield><subfield code="c">Gift, 1940-42</subfield></datafield><datafield tag="545" ind1=" " ind2=" "><subfield code="a">Prolific writer on Ḥanafī jurisprudence; born in Cairo in 1520.</subfield></datafield><datafield tag="561" ind1=" " ind2=" "><subfield code="a">Gift of estate of Tracy McGregor between 1940 and 1942. Owners' marks: on p. [14], owner's signature: min kutub al-faqīr Muḥammad Rāqim ... fī nawbat sanat 1147 [i.e. 1734 or 5]; on p. [14], two owners' seals (defaced); inside front and back covers, manuscript note: Lūtfi Mehmet MSS.</subfield></datafield><datafield tag="600" ind1="0" ind2="0"><subfield code="6">880-04</subfield><subfield code="a">Abū Ḥanīfah,</subfield><subfield code="d">-767 or 768.</subfield></datafield><datafield tag="650" ind1=" " ind2="0"><subfield code="a">Hanafites</subfield><subfield code="y">Early works to 1800.</subfield></datafield><datafield tag="650" ind1=" " ind2="0"><subfield code="a">Islamic law</subfield><subfield code="y">Early works to 1800.</subfield></datafield><datafield tag="650" ind1=" " ind2="0"><subfield code="a">Manuscripts, Arabic</subfield><subfield code="z">Michigan</subfield><subfield code="z">Ann Arbor.</subfield></datafield><datafield tag="700" ind1="1" ind2=" "><subfield code="a">McGregor, Tracy W.</subfield><subfield code="q">(Tracy William),</subfield><subfield code="d">1869-1936,</subfield><subfield code="e">former owner.</subfield></datafield><datafield tag="700" ind1="0" ind2="0"><subfield code="6">880-05</subfield><subfield code="a">Suyūṭī,</subfield><subfield code="d">1445-1505.</subfield><subfield code="t">Ashbāh wa-al-naẓāʾir.</subfield></datafield><datafield tag="880" ind1="0" ind2="0"><subfield code="6">700-05/</subfield><subfield code="a">سيوطي.</subfield><subfield code="t">أشباه والنظائر.</subfield></datafield><datafield tag="880" ind1="0" ind2="4"><subfield code="6">600-04/</subfield><subfield code="a">أبو حنيفة.</subfield></datafield><datafield tag="880" ind1="1" ind2="0"><subfield code="6">245-03/</subfield><subfield code="a">كتاب الأشباه والنظائر :</subfield><subfield code="k">manuscript،</subfield><subfield code="f">[1675] /</subfield><subfield code="c">تأليف افضل المتأخرين ومضي المسلمين الشيخ زين بن نجيم الحنفي.</subfield></datafield><datafield tag="880" ind1="1" ind2="0"><subfield code="6">240-02/</subfield><subfield code="a">أشباه والنظائر</subfield></datafield><datafield tag="880" ind1="0" ind2=" "><subfield code="6">100-01/</subfield><subfield code="a">زين الدين بن ابراهيم بن نجيم.</subfield></datafield><datafield tag="CID" ind1=" " ind2=" "><subfield code="a">002641714</subfield></datafield><datafield tag="DAT" ind1="0" ind2=" "><subfield code="a">20190719102632.0</subfield><subfield code="b">20190719000000.0</subfield></datafield><datafield tag="DAT" ind1="1" ind2=" "><subfield code="a">20190719090653.0</subfield><subfield code="b">2019-07-19T16:10:45Z</subfield></datafield><datafield tag="DAT" ind1="2" ind2=" "><subfield code="a">2015-10-02T18:00:03Z</subfield></datafield><datafield tag="CAT" ind1=" " ind2=" "><subfield code="a">SDR-MIU</subfield><subfield code="d">EX LIBRIS - ALEPH</subfield><subfield code="l">prepare.pl-004-008</subfield></datafield><datafield tag="FMT" ind1=" " ind2=" "><subfield code="a">BK</subfield></datafield><datafield tag="HOL" ind1=" " ind2=" "><subfield code="0">sdr-miu002641714</subfield><subfield code="a">MiU</subfield><subfield code="b">SDR</subfield><subfield code="c">MIU</subfield><subfield code="p">mdp.39015081447594</subfield><subfield code="s">MIU</subfield><subfield code="1">002641714</subfield></datafield><datafield tag="974" ind1=" " ind2=" "><subfield code="b">MIU</subfield><subfield code="c">MIU</subfield><subfield code="d">20190719</subfield><subfield code="s">lit-dlps-dc</subfield><subfield code="u">mdp.39015081447594</subfield><subfield code="y">1675</subfield><subfield code="r">pd</subfield><subfield code="q">bib</subfield><subfield code="t">non-US bib date1 &lt; 1879</subfield></datafield></record></collection>